<record><leader>00000cas a2200000 a 4500</leader><controlfield tag="001">16567315</controlfield><controlfield tag="008">870826d188219uumsuwr ne      0    0eng d</controlfield><datafield ind1=" " ind2=" " tag="010"><subfield code="a">sn 87065494 </subfield></datafield><datafield ind1=" " ind2=" " tag="040"><subfield code="a">MJA</subfield><subfield code="b">eng</subfield><subfield code="c">MJA</subfield><subfield code="d">MSJ</subfield><subfield code="d">KNP</subfield><subfield code="d">OCL</subfield><subfield code="d">OCLCQ</subfield></datafield><datafield ind1=" " ind2=" " tag="042"><subfield code="a">msc</subfield></datafield><datafield ind1="0" ind2="4" tag="245"><subfield code="a">The Walthall warden.</subfield></datafield><datafield ind1=" " ind2=" " tag="260"><subfield code="a">Walthall, Miss. :</subfield><subfield code="b">[s.n.]</subfield></datafield><datafield ind1=" " ind2=" " tag="300"><subfield code="a">v.</subfield></datafield><datafield ind1=" " ind2=" " tag="310"><subfield code="a">Weekly</subfield></datafield><datafield ind1="1" ind2=" " tag="362"><subfield code="a">Began in 1882.</subfield></datafield><datafield ind1=" " ind2=" " tag="588"><subfield code="a">Description based on: Vol. 1, no. 2 (Feb. 17, 1882).</subfield></datafield><datafield ind1=" " ind2="4" tag="651"><subfield code="a">Walthall (Miss.)</subfield><subfield code="v">Newspapers.</subfield></datafield><datafield ind1=" " ind2=" " tag="752"><subfield code="a">United States</subfield><subfield code="b">Mississippi</subfield><subfield code="c">Webster</subfield><subfield code="d">Walthall.</subfield></datafield><datafield ind1="0" ind2="0" tag="780"><subfield code="t">Walthall pioneer</subfield><subfield code="w">(DLC)sn 87065493</subfield><subfield code="w">(OCoLC)16567408</subfield></datafield><datafield ind1="0" ind2="7" tag="785"><subfield code="t">Eupora progress</subfield><subfield code="w">(DLC)sn 87065076</subfield></datafield><datafield ind1="0" ind2="7" tag="785"><subfield code="t">Progress-warden</subfield><subfield code="w">(DLC)sn 87065077</subfield><subfield code="w">(OCoLC)15122541</subfield></datafield><datafield ind1="1" ind2=" " tag="029"><subfield code="a">AU@</subfield><subfield code="b">000025788983</subfield></datafield></record>